@book{Lamport86,
  title={Document Preparation System},
  author={Lamport, Leslie and LaTEX, A},
  year={1986},
  publisher={Addison-Wesley Reading, MA}
}

@article{dekker2009zero,
	title={Zero-moment point method for stable biped walking},
	author={Dekker, MHP},
	journal={Eindhoven University of Technology},
	year={2009}
}

@inproceedings{park1998zmp,
	title={ZMP trajectory generation for reduced trunk motions of biped robots},
	author={Park, Jong H and Rhee, Yong K},
	booktitle={Intelligent Robots and Systems, 1998. Proceedings., 1998 IEEE/RSJ International Conference on},
	volume={1},
	pages={90--95},
	year={1998},
	organization={IEEE}
}

@article{manchester2011stable,
	title={Stable dynamic walking over uneven terrain},
	author={Manchester, Ian R and Mettin, Uwe and Iida, Fumiya and Tedrake, Russ},
	journal={The International Journal of Robotics Research},
	pages={3},
	year={2011},
	publisher={Sage Publications}
}

@article{vukobratovic2004zero,
	title={Zero-moment pointâ€”thirty five years of its life},
	author={Vukobratovi{\'c}, Miomir and Borovac, Branislav},
	journal={International Journal of Humanoid Robotics},
	volume={1},
	number={01},
	pages={157--173},
	year={2004},
	publisher={World Scientific}
}

@phdthesis{van2009modeling,
	title={Modeling, identification and stability of humanoid robots},
	author={van Zutven, PWM},
	year={2009},
	school={University of Technology}
}

@article{collins2001three,
	title={A three-dimensional passive-dynamic walking robot with two legs and knees},
	author={Collins, Steven H and Wisse, Martijn and Ruina, Andy},
	journal={The International Journal of Robotics Research},
	volume={20},
	number={7},
	pages={607--615},
	year={2001},
	publisher={SAGE Publications}
}

@article{kim2012zmp,
	title={ZMP based neural network inspired humanoid robot control},
	author={Kim, Dong W and Kim, Nak-Hyun and Park, Gwi-Tae},
	journal={Nonlinear Dynamics},
	volume={67},
	number={1},
	pages={793--806},
	year={2012},
	publisher={Springer}
}
