@inproceedings{lu2012fast,
  title={Fast identity anonymization on graphs},
  author={Lu, Xuesong and Song, Yi and Bressan, St{\'e}phane},
  booktitle={Database and Expert Systems Applications},
  pages={281--295},
  year={2012},
  organization={Springer}
}
@inproceedings{liu2008towards,
	title={Towards identity anonymization on graphs},
	author={Liu, Kun and Terzi, Evimaria},
	booktitle={Proceedings of the 2008 ACM SIGMOD international conference on Management of data},
	pages={93--106},
	year={2008},
	organization={ACM}
}
@article{sobolevsky2014general,
	title={General optimization technique for high-quality community detection in complex networks},
	author={Sobolevsky, Stanislav and Campari, Riccardo and Belyi, Alexander and Ratti, Carlo},
	journal={Physical Review E},
	volume={90},
	number={1},
	pages={012811},
	year={2014},
	publisher={APS}
}
@inproceedings{cheng2010k,
	title={K-isomorphism: privacy preserving network publication against structural attacks},
	author={Cheng, James and Fu, Ada Wai-chee and Liu, Jia},
	booktitle={Proceedings of the 2010 ACM SIGMOD International Conference on Management of data},
	pages={459--470},
	year={2010},
	organization={ACM}
}
@incollection{zheleva2008preserving,
	title={Preserving the privacy of sensitive relationships in graph data},
	author={Zheleva, Elena and Getoor, Lise},
	booktitle={Privacy, security, and trust in KDD},
	pages={153--171},
	year={2008},
	publisher={Springer}
}